@misc{fonseca2016cosmology,
  title     = {Cosmology and the Redshift},
  author    = {Fonseca, J.},
  year      = {2016},
  note      = {arXiv:1605.08634},
  url       = {https://arxiv.org/pdf/1605.08634},
  howpublished = {\url{https://arxiv.org/pdf/1605.08634}}
}

@misc{iowa_redshiftlab,
  title={Astronomical Redshift Lab},
  author={Department of Physics and Astronomy, University of Iowa},
  note={Available at \url{https://itu.physics.uiowa.edu/labs/advanced/astronomical-redshift}}
}

@misc{expertta,
  title={Astronomy - Chapter 5: Radiation and Spectra},
  author={OpenStax},
  year={2016},
  note={Available at \url{https://www.theexpertta.com/book-files/OpenStaxAstronomy/Astronomy_OP_Chapter5.pdf}}
}

@misc{libretexts_doppler,
  title={Doppler Effect for Light},
  author={OpenStax University Physics},
  note={Available at \url{https://phys.libretexts.org/Bookshelves/University_Physics/University_Physics_III_-_Optics_and_Modern_Physics_(OpenStax)/05:_Relativity/5.08:_Doppler_Effect_for_Light}}
}

@misc{astropy,
  author       = {{Astropy Collaboration}},
  title        = {Astropy: Python for Astronomy},
  year         = {2022},
  howpublished = {\url{https://www.astropy.org/}},
  note         = {Accessed July 2025}
}

@misc{sdss,
  author       = {{SDSS Collaboration}},
  title        = {Sloan Digital Sky Survey: Data Release 17},
  year         = {2021},
  howpublished = {\url{https://www.sdss.org/dr17/}},
  note         = {Accessed July 2025}
}
@misc{scipy,
  author       = {SciPy Community},
  title        = {scipy.ndimage.gaussian\_filter1d --- SciPy v1.16.0 Reference Guide},
  year         = {2019},
  howpublished = {\url{https://docs.scipy.org/doc/scipy-1.16.0/reference/generated/scipy.ndimage.gaussian_filter1d.html}},
  note         = {Accessed: 2025-07-28}
}
@article{baldry2018logredshift,
  title={Reinventing the slide rule for redshifts: the case for logarithmic wavelength shift},
  author={Baldry, Ivan K.},
  journal={arXiv preprint},
  year={2018},
  url={\url{https://arxiv.org/abs/1812.05135}}
}
@misc{nayar_template_matching,
  author = {Nayar, Shree},
  title = {Template Matching and Normalized Cross-Correlation - Computer Vision Lecture},
  year = {2020},
  howpublished = {\url{https://www.youtube.com/watch?v=1_hwFc8PXVE}},
  note = {Accessed: 2025-07-29}
}

